<?xml version="1.0" encoding="UTF-8"?>
<collection xmlns:xsi="http://www.w3.org/2001/XMLSchema-instance" xsi:schemaLocation="http://www.loc.gov/MARC21/slim http://www.loc.gov/standards/marcxml/schema/MARC21slim.xsd" xmlns="http://www.loc.gov/MARC21/slim">
<record>
  <leader>00662cam a22002171  4500</leader>
  <controlfield tag="001">2982030</controlfield>
  <controlfield tag="003">NNC</controlfield>
  <controlfield tag="005">20130426005105.0</controlfield>
  <controlfield tag="008">871014s1955    ir            000 0 arard</controlfield>
  <datafield tag="035" ind1=" " ind2=" ">
    <subfield code="a">(OCoLC)ocm16852110</subfield>
  </datafield>
  <datafield tag="035" ind1=" " ind2=" ">
    <subfield code="9">ASM9167CU</subfield>
  </datafield>
  <datafield tag="035" ind1=" " ind2=" ">
    <subfield code="a">(NNC)2982030</subfield>
  </datafield>
  <datafield tag="040" ind1=" " ind2=" ">
    <subfield code="a">WAU</subfield>
    <subfield code="c">WAU</subfield>
    <subfield code="d">ZCU</subfield>
  </datafield>
  <datafield tag="090" ind1=" " ind2=" ">
    <subfield code="a">PJ7755.R3</subfield>
    <subfield code="b">A6 1955</subfield>
  </datafield>
  <datafield tag="100" ind1="1" ind2=" ">
    <subfield code="a">Rāwandī, Faḍl Allāh ibn ʻAlī,</subfield>
    <subfield code="d">-approximately 1165.</subfield>
  </datafield>
  <datafield tag="245" ind1="1" ind2="0">
    <subfield code="a">Dīwān,</subfield>
    <subfield code="c">ʻuniya bi-tashīhih wa-tabʻih ... Jalāl al-Dīn al-Urmaw.̄</subfield>
  </datafield>
  <datafield tag="260" ind1=" " ind2=" ">
    <subfield code="a">[Tehrān]</subfield>
    <subfield code="c">1334 [1955]</subfield>
  </datafield>
  <datafield tag="300" ind1=" " ind2=" ">
    <subfield code="a">311 p.</subfield>
    <subfield code="c">24 1/2 cm.</subfield>
  </datafield>
  <datafield tag="500" ind1=" " ind2=" ">
    <subfield code="a">In Arabic.</subfield>
  </datafield>
  <datafield tag="700" ind1="1" ind2=" ">
    <subfield code="a">Muhaddis, Jalāl al-Dīn al-Ḥusaynī.</subfield>
  </datafield>
  <datafield tag="955" ind1=" " ind2=" ">
    <subfield code="b">0114006880</subfield>
    <subfield code="d">glx</subfield>
    <subfield code="e">PJ7755.R3 A6 1955</subfield>
  </datafield>
</record>
</collection>